@Article{Ganeri2002,
  author  = {Jonardon Ganeri},
  journal = {History and Philosophy of Logic},
  title   = {Jaina Logic and the Philosophical Basis of Pluralism},
  year    = {2002},
  pages   = {267-281},
  doi     = {10.1080/0144534021000051505},
}

@Article{Burch1964,
  author  = {George Bosworth Burch},
  journal = {International Philosophical Quarterly},
  title   = {Seven-Valued Logic in Jain Philosophy},
  year    = {1964},
  month   = feb,
  number  = {1},
  pages   = {68-93},
  volume  = {4},
  doi     = {10.5840/ipq19644140},
}

@Book{Burns2023,
  author    = {Samara Burns and Dana H\"{a}gg and Zesen Qian},
  editor    = {Aldo Antonelli and Andrew Arana and Jeremy Avigad and Tim Button and Walter Dean and Gillian Russell and Nicole Wyatt and Audrey Yap},
  publisher = {The Open Logic Project},
  title     = {What If? An Open Introduction to Non-Classical Logics},
  year      = {2023},
}

@Comment{jabref-meta: databaseType:bibtex;}
